@online{Wikipedia2024,
  author    = {{Wikipedia contributors}},
  title     = {Red eléctrica de España},
  year      = {2024},
  url       = {https://es.wikipedia.org/wiki/Red_El%C3%A9ctrica_de_Espa%C3%B1a},
  urldate   = {2024-09-21}, 
  note = {Wikipedia}
}
@misc{ree2024,
  author       = {{Red Eléctrica de España}},
  title        = {Planificación eléctrica},
  year         = {2024},
  url          = {https://www.planificacionelectrica.es/},
  urldate      = {2024-09-21},
  note = {Red Eéctrica}
  
}

@misc{reeAPI,
  author       = {{Red Eléctrica de España}},
  title        = {AEMET OpenData},
  year         = {2024},
  url          = {https://www.aemet.es/es/datos_abiertos/AEMET_OpenData},
  urldate      = {2024-09-21},
  note = {Red Eéctrica}
  
}

@misc{aemetAPI,
  author       = {{Agencia Estatal de Meteorología de España}},
  title        = {REData API},
  year         = {2024},
  url          = {https://www.ree.es/es/datos/apidatos},
  urldate      = {2024-09-21},
  note = {AEMET}
  
}

@misc{miteco,
    author       = {{MITECO}},
    title        = {Estructura del sector},
    year         = {2024},
    url          = {https://www.miteco.gob.es/es/energia/energia-electrica/electricidad/sector-electrico.html},
    urldate         = {2024-09-24},
    note = {Ministerio para la Transición Ecológica y el Reto Demográfico}
}

@misc{pyesios,
    author       = {Peñate, Santiago},
    title        = {ESIOS},
    year         = {2024},
    url          = {https://github.com/SanPen/ESIOS},
    urldate         = {2024-10-20},
    note        = {GitHub}
}

@misc{yem-energy,
    author       = {Muñoz, Andrés},
    title        = {Glosario para entender el mercado de la electricidad en España},
    year         = {2022},
    url          = {https://blog.yem-energy.com/es/glosario-para-entender-el-mercado-de-la-electricidad-en-espana},
    ultdate        = {2024-09-24},
    note = {YEM}
}

@book{rojasjimenez2022,
  author    = {Rojas, Keylor},
  title     = {Ciencia de Datos para Ciencias Naturales},
  year      = {2022},
  url       = {https://bookdown.org/keilor_rojas/CienciaDatos/},
  urldate   = {2024-09-26}  
}


@unpublished{alvaroTruchado2024,
    author = {Truchado, María Álvaro},
    year = {2024},
    title = {Apuntes de Series Temporales},
    note = {Material no publicado}
}

@thesis{jacomeGarcia2024,
  author       = {Jácome, Jaime Fernando},
  title        = {Técnicas de predicción aplicada a la demanda desagregada con variables exógenas},
  year         = {2023},
  type         = {Tesis de Maestría. Universidad de Sevilla, Sevilla},
  url          = {https://idus.us.es/handle/11441/25657/browse?type=author&value=J%C3%A1come+Garc%C3%ADa%2C+Jaime+Fernando},
  urldate      = {2024-09-30}  
}

@misc{nau2024,
  author       = {Nau, Robert},
  title        = {Introduction to ARIMA: nonseasonal models},
  year         = {2020},
  url          = {\url{https://people.duke.edu/~rnau/411arim.htm}},
  urldate        = {2024-10-05},
  note        = {people.duke.edu}
}

@misc{javatpoint_supervised_ml,
  author    = {{Javatpoint}},
  title     = {Supervised Machine Learning},
  year      = {2019},
  url       = {https://www.javatpoint.com/supervised-machine-learning},
  urldate   = {2024-09-28},
  note = {Javatpoint}
}

@unpublished{gonzalezdorado2024ML,
    author      = {González, José Carlos},
    year = {2024},
    title = {Apuntes de Aprendizaje Supervisado},
    note = {Material no publicado}
}


@unpublished{gonzalezdorado2024DP,
    author      = {González, José Carlos},
    year = {2024},
    title = {Apuntes de Deep Learning},
    note = {Material no publicado}
}

@thesis{researchgate_figura3-4,
  author = {Caba, Emilio},
  title        = {Optimizacion de sistemas de calefaccion centralizados, hibridos y con distribucion de calor por agua mediante inteligencia artificial},
  year         = {2021},
  type         = {Tesis de Maestría. Universidad Politécnica de Madrid, Madrid},
  url          ={https://www.researchgate.net/publication/362712615_OPTIMIZACION_DE_SISTEMAS_DE_CALEFACCION_CENTRALIZADOS_HIBRIDOS_Y_CON_DISTRIBUCION_DE_CALOR_POR_AGUA_MEDIANTE_INTELIGENCIA_ARTIFICIAL},
  urldate      = {2024-10-10}  
}


@article{liu2013overview,
  title={An overview of decision tree applied to power systems},
  author={Liu, Chengxi and Rather, Zakir Hussain and Chen, Zhe and Bak, Claus Leth},
  journal={International Journal of Smart Grid and Clean Energy},
  volume={2},
  number={3},
  pages={413--419},
  year={2013},
  publisher={Engineering and Technology Publishing},
  doi={10.12720/sgce.2.3.413-419}
}

@misc{sklearn_random_forest_regressor,
  author={Pedregosa, F.},
  title = {Skicit Learn},
  year={2024},
  url={\url{https://scikit-learn.org/stable/user_guide.html}},
  urldate={2024-09-28}
}

@misc{skforecast,
  author       = {Amat, Joaquin and Escobar, Javier},
  title        = {Skforecast Docs},
  year         = {2024},
  url          = {\url{https://skforecast.org/0.13.0/user_guides/user-guides}},
  urldate      = {2024-10-11},
}

@misc{amat2020optimizacion,
  author       = {Amat, Joquín},
  title        = {Optimización bayesiana de hiperparámetros},
  year         = {2020},
  url          = {\url{https://cienciadedatos.net/documentos/62_optimizacion_bayesiana_hiperparametros}},
  urldate = {2024-10-11},
  note        = {Ciencia de datos},
}

@misc{fouzan2023understanding,
  author    = {Fouzan, Muhammad},
  title     = {Understanding LSTM, GRU, and RNN Architectures},
  year      = {2023},
  url       = {https://medium.com/@mfouzan144/understanding-lstm-gru-and-rnn-architectures-e0b3a0c1d741},
  urldate   = {2024-10-15},
  note = {Medium}
}


@misc{arrioja2021,
    author = {Landa, Nicolás Arrioja},
    title = {Métricas en regresión},
    year = {2021},
    month = {December 21},
    url = {https://medium.com/@nicolasarrioja/m%C3%A9tricas-en-regresi%C3%B3n-5e5d4259430b},
    note = {Medium}
}

@misc{gregorio,
    author       = {Valverde, Gregorio},
    title        = {Predicción de la demanda de energía
mediante modelos de Machine Learning},
    year         = {2024},
    url          = {https://github.com/gvn2001/TFM_DemandaElectrica},
    urldate         = {2024-10-27},
    note        = {GitHub}
}

@misc{chatgpt,
    author       = {{OpenAI}},
    title        = {ChatGPT: Optimizing Language Models for Dialogue},
    year         = {2024},
    url          = {https://chatgpt.com/},
    urldate         = {2024-11-04}
}